@book{QCD_textbook,
  title={Quantum Chromodynamics},
  author={Greiner, W. and Bromley, D.A. and Schramm, S. and Stein, E.},
  isbn={9783540485353},
  url={http://books.google.cz/books?id=iNev7iHHG\_MC},
  year={2007},
  publisher={Springer}
}

