@article{Analysis2012,
      author         = "Aad, Georges and others",
      title          = "{Measurement of inclusive jet and dijet production in
                        $pp$ collisions at $\sqrt{s}=7$ TeV using the ATLAS
                        detector}",
      collaboration  = "ATLAS",
      journal        = "Phys.Rev.",
      volume         = "D86",
      pages          = "014022",
      doi            = "10.1103/PhysRevD.86.014022",
      year           = "2012",
      eprint         = "1112.6297",
      archivePrefix  = "arXiv",
      primaryClass   = "hep-ex",
      reportNumber   = "CERN-PH-EP-2011-192",
      SLACcitation   = "%%CITATION = ARXIV:1112.6297;%%",
}
